
@incollection{
	fundCompGraf,
	author = {Jonas Gomes and Luiz Velho},
	title = {Câmera Virtual},
	booktitle = {Fundamentos da Computação Gráfica},
	publisher = {IMPA},
	year = {2008},
	address = {Rio de Janeiro},
	pages = {343-371}
}

@incollection{
	fundCompGraf2,
	author = {Jonas Gomes and Luiz Velho},
	title = {Geometria},
	booktitle = {Fundamentos da Computação Gráfica},
	publisher = {IMPA},
	year = {2008},
	address = {Rio de Janeiro},
	pages = {21-52}
}

@book{
	archiGeoBook,
	author = {Helmut Pottmann and Andreas Asperl and Michael Hofer and Axel Kilian},
	title = {Projections},
	booktitle = {Architectural Geometry},
	publisher = {Bentley Institute Press},
	year = {2007},
	pages = {23-65}
}

@book{
	compGrafTeoPrat,
	author = {Eduardo Azevedo and Aura Conci},
	title = {Computação Gráfica: Teoria e Prática},
	publisher = {Elsevier},
	year = {2003},
	address = {Rio de Janeiro}
}

@incollection{
	modeling,
	author = {Nadia Magnenat-Thalmann},
	title = {Modeling Bodies},
	booktitle = {Modeling and Simulating Bodies and Garments},
	publisher = {Springer},
	year = {2010},
	address = {New York},
	pages = {1-30}
}

@incollection{
	animation,
	author = {Edilson de Aguiar},
	title = {Preliminary Techniques},
	booktitle = {Animation and Performance Capture Using Digitized Models},
	publisher = {Springer},
	year = {2010},
	address = {New York},
	pages = {9-18}
}

@phdthesis{
	catmullThesis,
	author = {Edwin Earl Catmull},
	title = {A Subdivision Algorithm for Computer Display of Curved Surfaces},
	school = {University of Utah},
	year = {1974},
	address = {Salt Lake City},
	pages = {68}
}

@booklet{
	foto3D,
	author = {Paulo Cezar Carvalho and Luiz Velho},
	title = {Fotografia 3D},
	year = {2005},
	address = {Rio de Janeiro},
	howpublished = {Publicação em resultado do curso sobre fotografia 3D no IMPA},
	pages = {174}
}

@misc{
	mappingSutherlandVW,
	title = {Mapping Sutherland's Volkswagen},
	author = {Computer History Museum},
	year = {2014},
	note = {Disponível em \url{http://www.computerhistory.org/revolution/computer-graphics-music-and-art/15/206/560} Acesso em: 14 Ago 2014}
}

@misc{
	renderingSutherlandVW,
	title = {Rendering of Sutherland's Volkswagen},
	author = {Computer History Museum},
	year = {2014},
	note = {Disponível em \url{http://www.computerhistory.org/revolution/computer-graphics-music-and-art/15/206/559} Acesso em: 14 Ago 2014}
}

@misc{
	wireframeSutherlandVW,
	title = {Wireframe model of Sutherland’s Volkswagen},
	author = {Computer History Museum},
	year = {2014},
	note = {Disponível em \url{http://www.computerhistory.org/revolution/computer-graphics-music-and-art/15/206/558} Acesso em: 14 Ago 2014}
}

@unpublished{
	newellResearch,
	title = {The Utilization of Procedure Models in Digital Image Synthesis},
	author = {Martin Edward Newell},
	year = {1975},
	note = {Supported by Advanced Research Projects Agency of the Department of Defense}
}

@misc{
	jalopnik,
	title = {The First Real Object Ever 3D Scanned And Rendered Was A VW Beetle},
	author = {Jason Torchinsky},
	year = {2013},
	note = {Disponível em: \url{http://floost.com/jalopnik-post-the-first-real-object-ever-3d-scanned-and-rendered-was-a-vw-beetle-2706861} Acesso em: 14 ago 2014}
}

@misc{
	durerSite,
	title = {Brunelleshi's Peepshow \& the Origins of Perspective},
	year = {1998},
	note = {Disponível em \url{https://www.dartmouth.edu/~matc/math5.geometry/unit11/unit11.html} Acesso em: 24 Set 2014}
}

@article{
	firstCVWork,
	 author = {Bruce R. Kubert and James Szabo and S Giulieri},
	 title = {The Perspective Representation of Functions of Two Variables},
	 journal = {J. ACM},
	 issue_date = {April 1968},
	 volume = {15},
	 number = {2},
	 month = apr,
	 year = {1968},
	 pages = {193--204},
	 publisher = {ACM},
	 address = {New York, NY, USA}
} 

@article{
	firstProcessingWork,
	title = {Picture Processing by Computer},
	author = {AZRIEL ROSENFELD},
	journal = {ACM Computing Surveys},
	volume = {1},
	number = {3},
	pages = {147-176},
	year = {1969}
}

@misc{
	disneyProcessingExample,
	title = {Non-linear Disparity Mapping for Stereoscopic 3D},
	author = {Alexander Sorkine-Hornung and Aljoscha Smolic and Manuel Lang and Oliver Wang},
	year = {2012},
	note = {Disponível em \url{http://www.disneyresearch.com/publication/non-linear-disparity-mapping-for-stereoscopic-3d/} Acesso em 27 Ago 2014}
}

@book{
	compGraphsPrincPrat3ed,
	author = {John F. Hughes and Andries van Dam and Morgan McGuire and David F. Sklar and James D. Foley and Steven K. Feiner and Kurt Akeley},
	title = {An Ancient Renderer Made Modern},
	booktitle = {Computer Graphics: Principles and Practice},
	publisher = {Addison-Wesley Professional},
	year = {2013},
	edition = {3},
	pages = {61-80}
}

@inproceedings{
	juizVirtual,
	author = {Paulo Cezar Pinto Carvalho and Flávio Szenberg and Marcelo Gattass},
	title = {Image-based Modeling Using a Two Step Camera Calibration Method},
	year = {1998},
	booktitle = {Proceedings of International Symposium on Computer Graphics, Image Processing and Vision},
	organization = {SIBGRAPI’98},
	pages = {388-395}
}

@phdthesis{
	szenbergDoutorado,
	author = {Flávio Szenberg},
	title = {Acompanhamento de Cenas Com Calibração Automática de Câmeras},
	school = {Departamento de Informática, Pontifícia Universidade Católica do Rio},
	year = {2001},
	pages = {144}
}

@misc{
	lectureLeastSquares,
	author = {Michael Langer},
	title = {Lecture 18: Least Squares, Singular Value Decomposition},
	year = {2010},
	note = {Disponível em: \url{http://www.cim.mcgill.ca/~langer/558/18-leastsquares.pdf} Acesso em 18 Set 2014}
}

@misc{
	lectureCameraCalibration,
	author = {Michael Langer},
	title = {Lecture 19: Camera Calibration},
	year = {2010},
	note = {Disponível em: \url{http://www.cim.mcgill.ca/~langer/558/19-cameracalibration.pdf} Acesso em 18 Set 2014}
}

@misc{
	alglib,
	title = {ALGLIB},
	note = {Disponível em \url{http://www.alglib.net/} Acesso em 18 Set 2014}
}

@inproceedings{
	3DFromLineDrawings,
	title = {Automatic construction of 3D models from architectural line drawings},
	author = {Sangwon Lee and David Feng and Bruce Gooch},
	year = {2008},
	booktitle = {Proceedings of the 2008 symposium on Interactive 3D graphics and games},
	pages = {123-130},
}

@monography{
	stereoRelatedWork,
	title = {Reconstrução 3D a Partir de Sequência de Imagens},
	author = {André Chalella das Neves and Marcos de Sales Guerra Tszuki},
	school = {Departamento de Engenharia Mecatrônica e de Sistemas Mecânicos, Escola Politécnica da Universidade de São Paulo},
	year = {2010},
	type = {Graduação}
}

@inproceedings{
	disneyRelatedWork,
	title = {Computational Stereo Camera System with Programmable Control Loop},
	author = {Simon Heinzle and Pierre Greisen and David Gallup and Christine Chen and Daniel Saner and Aljoscha Smolic and Andreas Burg and Wojciech Matusik and Markus Gross},
	booktitle = {ACM SIGGRAPH 2011 Papers},
	series = {SIGGRAPH '11},
	year = {2011},
	location = {Vancouver, British Columbia, Canada},
	pages = {94:1--94:10},
	articleno = {94},
	numpages = {10},
	publisher = {ACM},
	address = {New York, NY, USA},
}

@misc{
	ply,
	title = {PLY - Polygon File Format},
	author = {Paul Bourke},
	year = {2014},
	note = {Disponível em \url{http://paulbourke.net/dataformats/ply/} Acesso em 10 Nov 2014}
}